% MOTIVATION

@article{medical_nn,
  title={Medical image analysis using convolutional neural networks: a review},
  author={Anwar, Syed Muhammad and Majid, Muhammad and Qayyum, Adnan and Awais, Muhammad and Alnowami, Majdi and Khan, Muhammad Khurram},
  journal={Journal of medical systems},
  volume={42},
  number={11},
  pages={1--13},
  year={2018},
  publisher={Springer}
}

@article{self_driving,
  title={A survey of deep learning techniques for autonomous driving},
  author={Grigorescu, Sorin and Trasnea, Bogdan and Cocias, Tiberiu and Macesanu, Gigel},
  journal={Journal of Field Robotics},
  volume={37},
  number={3},
  pages={362--386},
  year={2020},
  publisher={Wiley Online Library}
}

@article{nmt_google,
  title={Google's neural machine translation system: Bridging the gap between human and machine translation},
  author={Wu, Yonghui and Schuster, Mike and Chen, Zhifeng and Le, Quoc V and Norouzi, Mohammad and Macherey, Wolfgang and Krikun, Maxim and Cao, Yuan and Gao, Qin and Macherey, Klaus and others},
  journal={arXiv preprint: 1609.08144},
  year={2016}
}

@article{nn_lm,
  title={A neural probabilistic language model},
  author={Bengio, Yoshua and Ducharme, R{\'e}jean and Vincent, Pascal and Janvin, Christian},
  journal={The journal of machine learning research},
  volume={3},
  pages={1137--1155},
  year={2003},
  publisher={JMLR. org}
}

% OLD PAPERS

@article{reldiag_idea,
  title={The comparison and evaluation of forecasters},
  author={DeGroot, Morris H and Fienberg, Stephen E},
  journal={Journal of the Royal Statistical Society: Series D (The Statistician)},
  volume={32},
  number={1-2},
  pages={12--22},
  year={1983},
  publisher={Wiley Online Library}
}


@inproceedings{emp_comparison,
  title={An empirical comparison of supervised learning algorithms},
  author={Caruana, Rich and Niculescu-Mizil, Alexandru},
  booktitle={Proceedings of the 23rd international conference on Machine learning},
  pages={161--168},
  year={2006}
}

@inproceedings{good_proba,
  title={Predicting good probabilities with supervised learning},
  author={Niculescu-Mizil, Alexandru and Caruana, Rich},
  booktitle={Proceedings of the 22nd international conference on Machine learning},
  pages={625--632},
  year={2005}
}

@inproceedings{hist_binning,
  title={Obtaining calibrated probability estimates from decision trees and naive bayesian classifiers},
  author={Zadrozny, Bianca and Elkan, Charles},
  booktitle={Icml},
  volume={1},
  pages={609--616},
  year={2001},
  organization={Citeseer}
}

@inproceedings{isotonic,
  title={Transforming classifier scores into accurate multiclass probability estimates},
  author={Zadrozny, Bianca and Elkan, Charles},
  booktitle={Proceedings of the eighth ACM SIGKDD international conference on Knowledge discovery and data mining},
  pages={694--699},
  year={2002}
}

@inproceedings{platt,
  title={Probabilistic outputs for support vector machines and comparisons to regularized likelihood methods},
  author={Platt, John and others},
  journal={Advances in large margin classifiers},
  volume={10},
  number={3},
  pages={61--74},
  year={1999},
  publisher={Cambridge, MA}
}

% NEWER PAPERS

@inproceedings{verified_uncertainty,
  author = {Ananya Kumar and Percy Liang and Tengyu Ma},
  booktitle = {Advances in Neural Information Processing Systems (NeurIPS)},
  title = {Verified Uncertainty Calibration},
  year = {2019},
}

@inproceedings{on_cal,
  title={On calibration of modern neural networks},
  author={Guo, Chuan and Pleiss, Geoff and Sun, Yu and Weinberger, Kilian Q},
  booktitle={International Conference on Machine Learning},
  pages={1321--1330},
  year={2017},
  organization={PMLR}
}

@inproceedings{dirichlet,
 author = {Kull, Meelis and Perello Nieto, Miquel and K\"{a}ngsepp, Markus and Silva Filho, Telmo and Song, Hao and Flach, Peter},
 booktitle = {Advances in Neural Information Processing Systems},
 editor = {H. Wallach and H. Larochelle and A. Beygelzimer and F. d\textquotesingle Alch\'{e}-Buc and E. Fox and R. Garnett},
 publisher = {Curran Associates, Inc.},
 title = {Beyond temperature scaling: Obtaining well-calibrated multi-class probabilities with Dirichlet calibration},
 volume = {32},
 year = {2019}
}

@conference{bayesian_ece,
  title={Obtaining well calibrated probabilities using bayesian binning},
  author={Naeini, Mahdi Pakdaman and Cooper, Gregory and Hauskrecht, Milos},
  booktitle={Proceedings of the AAAI Conference on Artificial Intelligence},
  volume={29},
  number={1},
  year={2015}
}

@article{ace,
  title={Measuring Calibration in Deep Learning}, 
  author={Jeremy Nixon and Mike Dusenberry and Ghassen Jerfel and Timothy Nguyen and Jeremiah Liu and Linchuan Zhang and Dustin Tran},
  year={2020},
  journal={arXiv preprint: 1904.01685},
}

@inproceedings{smoothing,
  title={When does label smoothing help?},
  author={M{\"u}ller, Rafael and Kornblith, Simon and Hinton, Geoffrey},
  journal={arXiv preprint: 1906.02629},
  year={2019}
}

@article{focal_calib,
  title={Calibrating Deep Neural Networks using Focal Loss},
  author={Mukhoti, Jishnu and Kulharia, Viveka and Sanyal, Amartya and Golodetz, Stuart and Torr, Philip HS and Dokania, Puneet K},
  booktitle={Advances in Neural Information Processing Systems},
  year={2020}
}

@inproceedings{focal_detection,
  title={Focal loss for dense object detection},
  author={Lin, Tsung-Yi and Goyal, Priya and Girshick, Ross and He, Kaiming and Doll{\'a}r, Piotr},
  booktitle={Proceedings of the IEEE international conference on computer vision},
  pages={2980--2988},
  year={2017}
}



% DATASETS

@inproceedings{imagenet,
  title={Imagenet: A large-scale hierarchical image database},
  author={Deng, Jia and Dong, Wei and Socher, Richard and Li, Li-Jia and Li, Kai and Fei-Fei, Li},
  booktitle={2009 IEEE conference on computer vision and pattern recognition},
  pages={248--255},
  year={2009},
  organization={Ieee}
} 

@article{cifar,
  title={Learning multiple layers of features from tiny images},
  author={Krizhevsky, A. and Hinton, G.},
  journal={Master's thesis, Department of Computer Science, University of Toronto},
  year={2009},
  publisher={Citeseer}
}

% GITHUBS

@misc{pretrained_cifar10,
  author       = {Huy Phan},
  title        = {huyvnphan/PyTorch\_CIFAR10},
  month        = jan,
  year         = 2021,
  publisher    = {Zenodo},
  version      = {v3.0.1},
  url          = {https://doi.org/10.5281/zenodo.4431043}
}

@misc{pretrained_cifar100,
  author = {chenyaofo},
  title = {PyTorch CIFAR models},
  year = {2021},
  publisher = {GitHub},
  journal = {GitHub repository},
  url = {https://github.com/chenyaofo/pytorch-cifar-models}
}

@misc{pretrained_imagenet,
  author = {Ross Wightman},
  title = {PyTorch Image Models},
  year = {2019},
  publisher = {GitHub},
  journal = {GitHub repository},
  url = {https://github.com/rwightman/pytorch-image-models}
}

@misc{focal_github,
  title = {Code for \cite{focal_calib}},
  author = {Jishnu Mukhoti and Viveka Kulharia},
  journal = {GitHub repository},
  url = {https://github.com/torrvision/focal_calibration}
}

@misc{my_repo,
  author = {Ruslan Vasilev},
  title = {Calibration (accompanying repository)},
  journal = {GitHub repository},
  url = {https://github.com/artnitolog/calibration}
}